@book{erl:2007,
 author = "Erl, Thomas",
 title = "{SOA} {P}rinciples of {S}ervice {D}esign ({T}he {P}rentice {H}all {S}ervice-{O}riented {C}omputing {S}eries from {T}homas {E}rl)",
 year = "2007",
 isbn = "0132344823",
 publisher = "Prentice Hall PTR",
 address = "Upper Saddle River, NJ, USA"
}

@misc{ portariaMP,
       author = "BRAIL",
       title = "{P}ortaria {N}ormativa {MP}, n. 3",
       month = "Novembro",
       year = "2011",
       on-line = "http://goo.gl/enIUXw" }

@article{initBigData,
	author = "Cron, Andrew and Nguyen, Huy L. and Parameswaran, Aditya",
	title = "{B}ig {D}ata",
	journal = "XRDS",
	issue_date = "Fall 2012",
	volume = "19",
	number = "1",
	year = "2012",
	pages = "7--8",
	url = "http://doi.acm.org/10.1145/2331042.2331045",
	publisher = "ACM"
} 

@article{WNextBigData,
	author = "Borkar, Vinayak R. and Carey, Michael J. and Li, Chen",
	title = "{B}ig {D}ata {P}latforms: {W}hat's next?",
	journal = "XRDS",
	issue_date = "Fall 2012",
	volume = "19",
	number = "1",
	year = "2012",
	pages = "44--49",
	url = "http://doi.acm.org/10.1145/2331042.2331057",
	publisher = "ACM"
}

@ARTICLE{fromdbtobigdata, 
	author="Madden, Sam", 
	journal="Internet Computing, IEEE",
	title="{F}rom {D}atabases to {B}ig {D}ata", 
	year="2012", 
	month="may-june", 
	volume="16", 
	number="3", 
	pages="4 -6"
}

@misc{ ibmvcsabeoqebigdata,
	author = "Taurion, Cezar",
	title = "{V}ocê realmente sabe o que é {B}ig {D}ata?",
	year = "2012",
	howpublished = "https://www.ibm.com/developerworks",
	note = "Acessado em 14 de Dezembro de 2012"
}

@misc{ ibmbigdatavvv,
	author = "Taurion, Cezar",
	title = "{B}ig {D}ata = volume + variedade + velocidade",
	year = "2012",
	howpublished = "https://www.ibm.com/developerworks",
	note = "Acessado em 14 de Dezembro de 2012"
}

@misc{ conceitoGartner,
	author = "Gartner",
	title = "{B}ig {D}ata",
	howpublished = "http://www.gartner.com/it-glossary/big-data/",
	note = "Acessado em 14 de Dezembro de 2012"
}

@INPROCEEDINGS{nosqlevaluation, 
	author="Hecht, Robin and Jablonski, Stefan", 
	booktitle="{C}loud and {S}ervice {C}omputing ({CSC}), 2011 {I}nternational {C}onference on",
	title="{N}o{SQL} evaluation: {A} use case oriented survey", 
	year="2011", 
	month="dec.",
	pages="336 -341", 
	keywords="NoSQL evaluation;Web 2.0 applications;concurrency controls;data models;nonrelational databases;query possibilities;use case oriented survey;Internet;SQL;relational databases;"
}

@article{nosqlxrelacional,
	author = "Brito, Ricardo W.",
	title = "{B}anco de {D}ados {N}o{SQL} x {SGBD}s {R}elacionais: {A}nálise {C}omparativa",
	year = "2010",
	numpages = "6",
	url = "http://www.infobrasil.inf.br/userfiles/27-05-S4-1-68840-Bancos%20de%20Dados%20NoSQL.pdf"
}

@ARTICLE{nosqlliveup, 
	author="Leavitt, Neal", 
	journal="Computer",
	title="{W}ill {N}o{SQL} {D}atabases {L}ive {U}p to {T}heir {P}romise?", 
	year="2010", 
	month="feb.", 
	volume="43", 
	number="2", 
	pages="12 -14", 
	keywords="NoSQL database;nonrelational database;object oriented database;structured data storage;SQL;relational databases;", 
}

@misc{ nosqldatabaseorg,
	title = "{N}o{SQL} {D}atabase org",
	howpublished = "http://nosql-database.org/",
	note = "Acessado em 09 de Dezembro de 2012"
}

@INPROCEEDINGS{surveynosql, 
	author="Jing Han and Haihong, E. and Guan Le and Jian Du", 
	booktitle="Pervasive Computing and Applications (ICPCA), 2011 6th International Conference on",
	title="{S}urvey on {N}o{SQL} database", 
	year="2011", 
	month="oct.", 
	pages="363 -366", 
	keywords="CAP theorem;Internet;NoSQL database;SNS;cloud computing;data model;high-concurrency applications;query dynamic user data;relational database;search engines;SQL;cloud computing;query processing;relational databases;"
}

@book{SBElmasri,
	author = "Elmasri, Ramez and Navathe, Shamkant B.",
	edition = "6",
	publisher = "Pearson Addison Wesley",
	title = "{S}istemas de {B}anco de dados",
	year = "2011"
}
@book{nosqlprofessional,
	title="{P}rofessional {N}o{SQL}",
	author="Tiwari, Sivakant",
	series="Wrox Programmer to Programmer",
	year="2011",
	publisher="Wiley"
}

@misc{ sitemongodb,
	title = "{M}ongo{DB} {O}fficial site",
	howpublished = "http://www.mongodb.org/",
	note = "Acessado em 27 de Janeiro de 2013"
}

@book{cassandraguide,
	title="{C}assandra: {T}he {D}efinitive {G}uide",
	author="Hewitt, Eben",
	series="Definitive Guide Series",
	year="2010",
	publisher="O'Reilly Media"
}

@misc{ sitecassandra,
	title = "{C}assandra {O}fficial site",
	howpublished = "http://cassandra.apache.org/",
	note = "Acessado em 27 de Janeiro de 2013"
}

@misc{ emcuniversedigital,
	title = "{EMC} {D}igital {U}niverse",
	howpublished = "http://www.emc.com/collateral/demos/microsites/emc-digital-universe-2011/index.htm",
	note = "Acessado em 26 de Janeiro de 2013"
}

@book{promiseperil,
	title="{T}he {P}romise and {P}eril of {B}ig {D}ata",
	author="Bollier, David",
	year="2010",
	publisher="Aspen Institute, Communications and Society Program"
}

@INPROCEEDINGS{bigdataarchitectureandapproach, 
	author="Bakshi, Kapil", 
	booktitle="Aerospace Conference, 2012 IEEE",
	title="{C}onsiderations for {B}ig {D}ata: {A}rchitecture and approach", 
	year="2012", 
	month="march", 
	pages="1 -7", 
	keywords="Availability;Benchmark testing;Computer architecture;Distributed databases;File systems;Relational databases;SQL;data analysis;Apache Hadoop project;HBase database;Hadoop cluster;Hadoop distributed file system;MapReduce;NoSQL;architectural approach;data management;data storage;unstructured data analysis;"
}

@misc{ arqConarq,
	title = "{R}ecomendações para {D}igitalização de {D}ocumentos {A}rquivísticos {P}ermanentes",
	howpublished = "http://www.emc.com/collateral/demos/microsites/emc-digital-universe-2011/index.htm",
	note = "Acessado em 23 de Abril de 2013"
}

@misc{ siteSIGEPE,
	title = "{SIGEPE.ORG}",
	howpublished = "www.sigepe.gov.br",
	note = "Acessado em 23 de Abril de 2013"
}

@misc{apresentAFD,
	title = "{A}presentação - {A}ssentamento {F}uncional {D}igital",
	howpublished = "www.sigepe.gov.br/assentamento-funcional-digital/apresentacao-assentamento-funcional-digital",
	note = "Acessado em 23 de Abril de 2013"
}

@book{rios2006teste,
	title="{T}este de software",
	author="Rios, Emerson and Moreira, Trayahú R.",
	isbn="9788576081289",
	url="http://books.google.com.br/books?id=dNljQwAACAAJ",
	year="2006",
	publisher="Alta Books"
}

@book{theartoftestperf,
	added-at = "2011-02-08T00:00:00.000+0100",
	author = "Molyneaux, Ian",
	isbn = "978-0-596-52066-3",
	keywords = "dblp",
	pages = "I-XII, 1-144",
	publisher = "O'Reilly",
	title = "{T}he {A}rt of {A}pplication {P}erformance {T}esting - {H}elp for {P}rogrammers and {Q}uality {A}ssurance.",
	year = 2009
}

@misc{w3cs,
	title = "{W3C} {S}chools",
	howpublished = "http://www.w3schools.com/",
	note = "Acessado em 25 de junho de 2013"
}

@misc{msdn,
	title = "{MSDN} - {C}lasse {W}eb {S}ervices",
	howpublished = "http://msdn.microsoft.com/pt-br/library/cc564893.aspx ",
	note = "Acessado em 25 de junho de 2013"
}

@misc{Minist\'{e}rio do Meio Ambiente,
	title = "{A}presenta\c c\~{a}o - {A}ssentamento {F}uncional {D}igital",
	howpublished = "http://mapas.mma.gov.br/i3geo/wscliente.htm",
	note = "Acessado em 25 de junho de 2013"
}

@misc{hd,
	title = "{H}istória do {HD}",
	howpublished = "http://www.dicasparacomputador.com/",
	note = "Acessado em 02 de julho de 2013"
}

@misc{siteJmeter,
	title = "{A}pache {J}meter",
	howpublished = "http://jmeter.apache.org",
	note = "Acessado em 02 de julho de 2013"
}

@misc{siteTestLink,
	title = "{T}est{L}ink",
	howpublished = "http://testlink.sourceforge.net/",
	note = "Acessado em 02 de julho de 2013"
}

@MISC{Orendanalysisand,
    author = "Kai Orend",
    title = "{A}nalysis and {C}lassification of {N}o{SQL} {D}atabases and {E}valuation of their {A}bility to {R}eplace an {O}bject-relational {P}ersistence {L}ayer",
    year = "2010"
}

@article{scalablesqlandnosql,
 author = "Cattell, Rick",
 title = "{S}calable {SQL} and {N}o{SQL} data stores",
 journal = "SIGMOD Rec.",
 issue_date = "December 2010",
 volume = "39",
 number = "4",
 month = may,
 year = "2011",
 issn = "0163-5808",
 pages = "12--27",
 numpages = "16",
 url = "http://doi.acm.org/10.1145/1978915.1978919",
 doi = "10.1145/1978915.1978919",
 acmid = "1978919",
 publisher = "ACM",
 address = "New York, NY, USA"
}

@INPROCEEDINGS{nosqlaplicassandra, 
author="Guoxi Wang and Jianfeng Tang", 
booktitle="Computer Science Service System (CSSS), 2012 International Conference on", 
title="{T}he {N}o{SQL} {P}rinciples and {B}asic {A}pplication of {C}assandra {M}odel", 
year="2012", 
pages="1332-1335", 
doi="10.1109/CSSS.2012.336"
}

@MASTERSTHESIS{capimage,
  author = "Benjamin Erb",
  title = "{C}oncurrent {P}rogramming for {S}calable {W}eb {A}rchitectures",
  school = "Institute of Distributed Systems, Ulm University",
  year = "2012",
  type = "Diploma Thesis",
  keywords = "web, scalability, architecture, concurrency",
  month = "April",
  number = "VS-D01-2012",
  url = "http://www.benjamin-erb.de/thesis"
}

@book{rajjain,
  author = "Jain, Raj",
  isbn = "978-0-471-50336-1",
  pages = "I-XXVII, 1-685",
  publisher = "Wiley",
  series = "Wiley professional computing",
  title = "{T}he art of computer systems performance analysis - techniques for experimental design, measurement, simulation, and modeling.",
  year = 1991
}

@misc{siteweb2py,
	title = "web2py",
	howpublished = "http:///www.web2py.com",
	note = "Acessado em 02 de novembro de 2013"
}

@misc{mongocartola,
	title = "{I}mplantação do {M}ongo{DB} no {C}artola{FC}",
	howpublished = "http://www.gonow.com.br/blog/2011/07/29/o-mongodb-aplicado-ao-cartolafc-da-globo-com/",
	note = "Acessado em 14 de dezembro de 2013"
}

@misc{usecasepostgresql,
	title = "{C}asos de {S}ucesso {P}ostgre{SQL}",
	howpublished = "http://www.postgresql.org/about/casestudies/",
	note = "Acessado em 14 de novembro de 2013"
}

@misc{github,
	title = "{C}ódigo {F}onte do {P}rojeto",
	howpublished = "https://github.com/diogowanz/nonrelationaldbtests",
	note = "Acessado em 18 de dezembro de 2013"
}

@article{EdCood,
 author = "Codd, Edgar F.",
 title = "{A} {R}elational {M}odel of {D}ata for {L}arge {S}hared {D}ata {B}anks",
 journal = "Commun. ACM",
 issue_date = "June 1970",
 volume = "13",
 number = "6",
 month = "jun",
 year = "1970",
 issn = "0001-0782",
 pages = "377--387",
 numpages = "11",
 url = "http://doi.acm.org/10.1145/362384.362685",
 doi = "10.1145/362384.362685",
 publisher = "ACM",
 address = "New York, NY, USA"
}

@misc{demoiselle,
	title = "{D}emoiselle {C}assandra",
	howpublished = "http://demoiselle.sourceforge.net/component/demoiselle-cassandra/1.0.0/index.html",
	note = "Acessado em 18 de dezembro de 2013"
}